<record><leader>00000cas a2200000 a 4500</leader><controlfield tag="001">11193941</controlfield><controlfield tag="008">840925d1840191uohucr ne      0    0eng c</controlfield><datafield ind1=" " ind2=" " tag="010"><subfield code="a">sn 84028590 </subfield></datafield><datafield ind1=" " ind2=" " tag="040"><subfield code="a">NPY</subfield><subfield code="b">eng</subfield><subfield code="c">NPY</subfield><subfield code="d">NPV</subfield><subfield code="d">NPY</subfield><subfield code="d">NPX</subfield><subfield code="d">NPU</subfield><subfield code="d">ONP</subfield><subfield code="d">OCL</subfield><subfield code="d">NVF</subfield><subfield code="d">OCLCQ</subfield><subfield code="d">OCLCF</subfield><subfield code="d">OCLCO</subfield></datafield><datafield ind1="1" ind2=" " tag="029"><subfield code="a">AU@</subfield><subfield code="b">000020121330</subfield></datafield><datafield ind1=" " ind2=" " tag="042"><subfield code="a">pcc</subfield></datafield><datafield ind1=" " ind2=" " tag="043"><subfield code="a">n-us-oh</subfield></datafield><datafield ind1="0" ind2=" " tag="130"><subfield code="a">Wayne County Democrat (Wooster, Ohio)</subfield></datafield><datafield ind1="1" ind2="0" tag="245"><subfield code="a">Wayne County Democrat.</subfield></datafield><datafield ind1=" " ind2=" " tag="260"><subfield code="a">Wooster, Ohio :</subfield><subfield code="b">Isaac H. Hill</subfield></datafield><datafield ind1=" " ind2=" " tag="300"><subfield code="a">v.</subfield></datafield><datafield ind1=" " ind2=" " tag="310"><subfield code="a">Semiweekly,</subfield><subfield code="b">Sept. 10, 1912-&lt;1913&gt;</subfield></datafield><datafield ind1=" " ind2=" " tag="321"><subfield code="a">Weekly,</subfield><subfield code="b">&lt;1845&gt;-Sept. 4, 1912</subfield></datafield><datafield ind1="1" ind2=" " tag="362"><subfield code="a">Began in 1840; ceased in 1917?</subfield></datafield><datafield ind1=" " ind2=" " tag="500"><subfield code="a">Democratic.</subfield></datafield><datafield ind1=" " ind2=" " tag="525"><subfield code="a">Yearly supplement: Commencement reporter.</subfield></datafield><datafield ind1=" " ind2=" " tag="580"><subfield code="a">Daily ed. published for General Synod of the Evangelical Lutheran Church in the United States of America (Lutherans in Council, 29th Convention), June 11-18, 1879: Daily evening Democrat (Wooster, Ohio).</subfield></datafield><datafield ind1=" " ind2=" " tag="588"><subfield code="a">Description based on: Vol. 5, no. 20 (Jan. 30, 1845).</subfield></datafield><datafield ind1=" " ind2="0" tag="651"><subfield code="a">Wooster (Ohio)</subfield><subfield code="v">Newspapers.</subfield></datafield><datafield ind1=" " ind2="0" tag="651"><subfield code="a">Wayne County (Ohio)</subfield><subfield code="v">Newspapers.</subfield></datafield><datafield ind1=" " ind2="7" tag="655"><subfield code="a">Newspapers.</subfield><subfield code="2">fast</subfield><subfield code="0">(OCoLC)fst01423814</subfield></datafield><datafield ind1=" " ind2="7" tag="651"><subfield code="a">Ohio</subfield><subfield code="z">Wayne County.</subfield><subfield code="2">fast</subfield><subfield code="0">(OCoLC)fst01219878</subfield></datafield><datafield ind1=" " ind2="7" tag="651"><subfield code="a">Ohio</subfield><subfield code="z">Wooster.</subfield><subfield code="2">fast</subfield><subfield code="0">(OCoLC)fst01205663</subfield></datafield><datafield ind1=" " ind2=" " tag="752"><subfield code="a">United States</subfield><subfield code="b">Ohio</subfield><subfield code="c">Wayne</subfield><subfield code="d">Wooster.</subfield></datafield><datafield ind1="1" ind2=" " tag="775"><subfield code="t">Daily evening Democrat (Wooster, Ohio)</subfield></datafield><datafield ind1="0" ind2="5" tag="780"><subfield code="t">Jacksonian (Wooster, Ohio)</subfield><subfield code="g">1906</subfield><subfield code="w">(DLC)sn 84028591</subfield></datafield></record>